<?xml version="1.0" encoding="UTF-8"?><collection xmlns="http://www.loc.gov/MARC21/slim"><record><leader>00361nam--2200121-i-4500</leader><controlfield tag="001">000047912</controlfield><controlfield tag="002">20161230</controlfield><controlfield tag="005">20161230201046</controlfield><controlfield tag="008">060222s1000------------r-----000-0-eng-d</controlfield><datafield ind1=" " ind2=" " tag="100"><subfield code="a">Wyckoff Ralph W.G</subfield></datafield><datafield ind1=" " ind2=" " tag="245"><subfield code="a">Electron microscopy. technique and applications with 202 illustrations</subfield></datafield><datafield ind1=" " ind2=" " tag="260"><subfield code="a">London, Intgerscience Publishers, Ltd., 1949, X + 248p</subfield></datafield><datafield ind1=" " ind2=" " tag="852"><subfield code="a">604</subfield></datafield></record></collection>